t,date,sales
1,2000 q1,500
2,2000 q2,350
3,2000 q3,250
4,2000 q4,400
5,2001 q1,450
6,2001 q2,350
7,2001 q3,200
8,2001 q4,300
9,2002 q1,350
10,2002 q2,200
11,2002 q3,150
12,2002 q4,400
13,2003 q1,550
14,2003 q2,350
15,2003 q3,250
16,2003 q4,550
17,2004 q1,550
18,2004 q2,400
19,2004 q3,350
20,2004 q4,600
21,2005 q1,750
22,2005 q2,500
23,2005 q3,400
24,2005 q4,650
25,2006 q1,850
26,2006 q2,600
27,2006 q3,450
28,2006 q4,700
